@misc{nasa2014srtm1sdem,
  author={{NASA LP DAAC}},
  title={SRTM 1 Arc-Second Global},
  year={2000},
  address={NASA EOSDIS Land Processes DAAC, USGS Earth Resources Observation and Science (EROS) Center, Sioux Falls, South Dakota},
  howpublished={\url{https://earthexplorer.usgs.gov/}},
  note={published September 2014, accessed May 2016}
}
@article{bishop1995drainage,
  title={Drainage rearrangement by river capture, beheading and diversion},
  author={Bishop, Paul},
  journal={Progress in physical geography},
  volume={19},
  number={4},
  pages={449--473},
  year={1995},
  publisher={Sage Publications Sage CA: Thousand Oaks, CA}
}
@article{sun2007fast,
  title={Fast and effective feature-preserving mesh denoising},
  author={Sun, Xianfang and Rosin, Paul and Martin, Ralph and Langbein, Frank},
  journal={IEEE Transactions on Visualization \& Computer Graphics},
  number={5},
  pages={925--938},
  year={2007},
  publisher={IEEE}
}

@article{busnelli2014morfometria,
  title={Morfometr{\'\i}a de cuencas monta{\~n}as y metamorfosis fluvial, Tucum{\'a}n},
  author={Busnelli, Jos{\'e} and Horta, Luis R},
  journal={Revista de la Asociaci{\'o}n Geol{\'o}gica Argentina},
  volume={71},
  number={1},
  pages={11--20},
  year={2014}
}

@inproceedings{ollero2011innovacion,
  title={Innovaci{\'o}n y libertad fluvial},
  author={Ollero, A and Ibisate, A and Ac{\'\i}n, V and D{\'\i}az, E and Granado, D and Horacio, J},
  booktitle={Comunicaci{\'o}n VII Congreso Ib{\'e}rico sobre Gesti{\'o}n y Planificaci{\'o}n del Agua},
  year={2011}
}

@article{moussa2009definition,
  title={Definition of new equivalent indices of Horton-Strahler ratios for the derivation of the Geomorphological Instantaneous Unit Hydrograph},
  author={Moussa, Roger},
  journal={Water Resources Research},
  volume={45},
  number={9},
  year={2009},
  publisher={Wiley Online Library}
}

@article{munoz2009geomorfologia,
  title={Geomorfolog{\'\i}a Regional y Ordenaci{\'o}n Integral del Territorio: nuevas perspectivas basadas en la incertidumbre y la complejidad de las formas del terreno. Aplicaci{\'o}n en la cuenca del R{\'\i}o Bullaque (Montes de Toledo, Espa{\~n}a)},
  author={Mu{\~n}oz-Rojas, Jos{\'e} and Carrasco Gonz{\'a}lez, Rosa Mar{\'\i}a and Pedraza Gilsanz, Javier de},
  journal={Bolet{\'\i}n de la Real Sociedad Espa{\~n}ola de Historia Natural. Secci{\'o}n Geol{\'o}gica},
  volume={103},
  number={1-4},
  pages={23--47},
  year={2009},
  publisher={Real Sociedad Espa{\~n}ola de Historia Natural}
}

@article {allaire2012rstudio,
  title = {RStudio: entorno de desarrollo integrado para R},
  autor = {Allaire, J},
  journal = {Boston, MA},
  volumen = {770},
  número = {394},
  páginas = {165--171},
  año = {2012},
  editor = {Citeseer}
}

@article{rodriguez2005modelo,
  title={Modelo de Elevaci{\'o}n de Terreno (MET) de Venezuela},
  author={Rodr{\'\i}guez, JP and Oliveira-Miranda, MA and Lazo, R and Zambrano, S and Tapiqu{\'e}n, E and Ruiz, A and Guti{\'e}rrez, E and Armas, M and Gerik, L and Sol{\'o}rzano, LA and others},
  year={2005},
  publisher={CIET}
}

@article{lemos2004avaliaccao,
  title={Avalia{\c{c}}{\~a}o da qualidade dos dados altim{\'e}tricos derivado do Shuttle Radar Topographic Mission (SRTM): resultados preliminares},
  author={Lemos, MC and Souza, SF and Rocha, RS},
  journal={Anais I Simp{\'o}sio em Ci{\^e}ncias Geod{\'e}sicas e Tecnologias da Geoinforma{\c{c}}{\~a}o, Recife},
  pages={1--3},
  year={2004}
}

@techreport {lozar2003geographic,
  title = {Un enfoque de sistemas de información geográfica (SIG) e imágenes para las tendencias históricas de crecimiento urbano en torno a las instalaciones militares},
  author = {Lozar, Robert C y Ehlschlaeger, Charles R y Cox, Jennifer},
  año = {2003},
  institución = {ENGINEER RESEARCH AND DEVELOPMENT CENTER CHAMPAIGN IL CONSTRUCTION ~…}
}

@article {ehlschlaeger1997visualizing,
  title = {Visualización de la incertidumbre de los datos espaciales mediante animación},
  autor = {Ehlschlaeger, Charles R y Shortridge, Ashton M y Goodchild, Michael F},
  journal = {Computers \ & Geosciences},
  volumen = {23},
  número = {4},
  páginas = {387--395},
  año = {1997},
  editor = {Elsevier}
}

@article {grassgrass,
  title = {GRASS GIS: Llevando tecnologías geoespaciales avanzadas al mundo},
  autor = {EQUIPO DE DESARROLLO DE GRASS y otros},
  journal = {GRASS GIS}
}

@article {jasiewicz2011new,
  title = {Un nuevo juego de herramientas GRASS GIS para el análisis hortoniano de redes de drenaje},
  author = {Jasiewicz, Jaros {\ l} aw y Metz, Markus},
  journal = {Computers \ & Geosciences},
  volumen = {37},
  número = {8},
  páginas = {1162--1173},
  año = {2011},
  editor = {Elsevier}
}

@article {jasiewicz2011new,
  title = {Un nuevo juego de herramientas GRASS GIS para el análisis hortoniano de redes de drenaje},
  author = {Jasiewicz, Jaros {\ l} aw y Metz, Markus},
  journal = {Computers \ & Geosciences},
  volumen = {37},
  número = {8},
  páginas = {1162--1173},
  año = {2011},
  editor = {Elsevier}
}

@article {jasiewicz2011new,
  title = {Un nuevo juego de herramientas GRASS GIS para el análisis hortoniano de redes de drenaje},
  author = {Jasiewicz, Jaros {\ l} aw y Metz, Markus},
  journal = {Computers \ & Geosciences},
  volumen = {37},
  número = {8},
  páginas = {1162--1173},
  año = {2011},
  editor = {Elsevier}
}

@article {warmerdam2005gdal,
  title = {GDAL-Biblioteca de abstracción de datos geoespaciales},
  autor = {Warmerdam, Frank},
  journal = {http: // www. gdal. org /},
  año = {2005}
}
@article {meredith2014overview,
  title = {Descripción general del paquete superpuesto},
  author = {Meredith, Mike y Ridout, Martin},
  diario = {R. Proj},
  páginas = {1--9},
  año = {2014}
}

@inproceedings {bhowmik2014reproducible,
  title = {Selección de umbrales de arroyos reproducible, automatizada y objetiva y delimitación de corredores ribereños aguas arriba a partir de modelos digitales de elevación},
  author = {Bhowmik, Avit Kumar y Metz, Markus y Sch {\ "a} fer, Ralf B},
  booktitle = {Quinta Conferencia Internacional de Computación para la Investigación y Aplicación Geoespacial 2014},
  páginas = {43--46},
  año = {2014},
  organización = {IEEE}
}

@misc {jain2003adding,
  title = {Adición de EPSG: 4326 Geographic Longitude-Latitude Projection a TerraServer},
  author = {Jain, Siddharth y Barclay, Tom},
  año = {2003},
  editor = {agosto}
}

@inproceedings {di2013open,
  title = {Un enfoque de código abierto para la caracterización fisiográfica de la cuenca},
  autor = {Di Leo, M y Di Stefano, M},
  booktitle = {Resúmenes de la reunión de otoño de AGU},
  volumen = {2013},
  páginas = {H52E - 06},
  año = {2013}
}

@article{lux2016conceptos,
  title={Conceptos b{\'a}sicos de morfometr{\'\i}a de cuencas hidrogr{\'a}ficas},
  author={Lux Cardona, Benjam{\'\i}n},
  year={2016},
  publisher={Facultad de Ingenier{\'\i}a/Universidad de San Carlos de Guatemala}
}

@software{jose_ramon_martinez_batlle_2021_4425878,
  author       = {José Ramón Martínez Batlle},
  title        = {{geomorfologia-master/unidad-4-asignacion-1 
                   -procesos-fluviales: Let's map}},
  month        = jan,
  year         = 2021,
  publisher    = {Zenodo},
  version      = {v0.0.0.9000},
  doi          = {10.5281/zenodo.4425878},
  url          = {https://doi.org/10.5281/zenodo.4425878}
}